@book{ramanujan_notebook,
  author = { Berndt, B.},
  year = {1985},
  title = {{Ramanujan's Notebooks}, Part I},
  publisher = {New York: Springer-Verlag},
}

@booklet{citation2,
  title={A generalized Ramanujan Master Theorem applied to the evaluation of Feynman diagrams},
  author={González, Iván; Moll, V.H.; Schmidt, Iván},
  year={2011},
}

@article{glaisher_jwl,
  title={A new formula in definite integrals},
  author={Glaisher, J.W.L.},
  journal={The London, Edinburgh, and Dublin Philosophical Magazine and Journal of Science},
  volume={48},
  number={315},
  pages={53--55},
  year={1874},
}

@article{ramanujan_journal,
  title={Ramanujan's Master Theorem},
  author={Amdeberhan, Tewodros; Gonzalez, Ivan; Harrison, Marshall; Moll, Victor H.; Straub, Armin},
  journal={The Ramanujan Journal},
  number={29},
volume={},
  pages={1--3},
  year={2012},
}

@book{hardy,
  author = { Hardy, G.H. },
  year = {1978},
  title = {Ramanujan: Twelve lectures on subjects suggested by his life and work},
  edition={3rd},
  address={New York, NY: Chelsea},
  publisher = {New York: Springer-Verlag},
  isbn={978-0-8284-0136-4},
}

@article{ramanujan_journal2,
  title={On some definite integrals involving the Hurwitz zeta function. Part 2},
  author={Espinosa, O.; Moll, V},
  journal={The Ramanujan Journal},
  volume={6},
  number={4},
  pages={449--468},
  year={2002},
}

@article{adv_applied_maths,
  title={Definite integrals by the method of brackets. Part 1},
  author={Gonzalez, Ivan; Moll, Victor H},
  journal={Advances in Applied Mathematics},
  volume={45},
  number={1},
  pages={50--73},
  year={July 2010},
}

@article{open_maths,
  title={An extension of the method of brackets. Part 2},
  author={Gonzalez, Ivan; Jiu, Lin; Moll, Victor H},
  journal={Open Mathematics},
  volume={18},
  number={1},
  pages={983--995},
  year={1 January 2020},
}
